<?xml version="1.0" encoding="UTF-8"?><record xmlns="http://www.loc.gov/MARC21/slim" xmlns:cinclude="http://apache.org/cocoon/include/1.0" xmlns:zs="http://www.loc.gov/zing/srw/">
  <leader>00664cz  a2200169n  4500</leader>
  <controlfield tag="001">nr 95013627 </controlfield>
  <controlfield tag="003">DLC</controlfield>
  <controlfield tag="005">20150121125939.0</controlfield>
  <controlfield tag="008">950411n| azannaab|          |a aaa      </controlfield>
  <datafield tag="010" ind1=" " ind2=" ">
    <subfield code="a">nr 95013627 </subfield>
  </datafield>
  <datafield tag="040" ind1=" " ind2=" ">
    <subfield code="a">DLC-R</subfield>
    <subfield code="b">eng</subfield>
    <subfield code="e">rda</subfield>
    <subfield code="c">DLC-R</subfield>
    <subfield code="d">DLC</subfield>
  </datafield>
  <datafield tag="046" ind1=" " ind2=" ">
    <subfield code="k">1961</subfield>
  </datafield>
  <datafield tag="100" ind1="0" ind2=" ">
    <subfield code="a">Yiśakhar Dov Berish,</subfield>
    <subfield code="c">ha-Kohen,</subfield>
    <subfield code="d">1802 or 1803-1877.</subfield>
    <subfield code="t">Works.</subfield>
    <subfield code="k">Selections</subfield>
  </datafield>
  <datafield tag="381" ind1=" " ind2=" ">
    <subfield code="a">Selections</subfield>
  </datafield>
  <datafield tag="400" ind1="0" ind2=" ">
    <subfield code="a">Yiśakhar Dov Berish,</subfield>
    <subfield code="c">ha-Kohen,</subfield>
    <subfield code="d">1802 or 1803-1877.</subfield>
    <subfield code="t">Sefer Ohel Yiśakhar ; Seder ha-zemanim ; Imre Noʻam</subfield>
  </datafield>
  <datafield tag="400" ind1="0" ind2=" ">
    <subfield code="w">nnea</subfield>
    <subfield code="a">Yiśakhar Dov Berish,</subfield>
    <subfield code="c">ha-Kohen,</subfield>
    <subfield code="d">1802 or 3-1877.</subfield>
    <subfield code="t">Selections.</subfield>
    <subfield code="f">1961</subfield>
  </datafield>
  <datafield tag="670" ind1=" " ind2=" ">
    <subfield code="a">Sefer Ohel Yiśakhar ; Seder ha-zemanim ; Imre Noʻam, 1961 or 1962.</subfield>
  </datafield>
</record>